
  <record>
    <controlfield tag="001">401</controlfield>
    <datafield tag="024" ind1="7" ind2="">
      <subfield code="a">10.7483/OPENDATA.LHCb.E7EJ.JUWR</subfield>
      <subfield code="2">DOI</subfield>
    </datafield>
    <datafield tag="110" ind1="" ind2="">
      <subfield code="a">LHCb collaboration</subfield>
    </datafield>
    <datafield tag="245" ind1="" ind2="">
      <subfield code="a">LHCb event file for real measurement</subfield>
    </datafield>
    <datafield tag="256" ind1=" " ind2=" ">
      <subfield code="a">Dataset</subfield>
      <subfield code="f">1</subfield>
      <subfield code="t">file</subfield>
    </datafield>
    <datafield tag="256" ind1=" " ind2=" ">
      <subfield code="e">53948</subfield>
      <subfield code="t">events</subfield>
    </datafield>
    <datafield tag="256" ind1=" " ind2=" ">
      <subfield code="b">1289541</subfield>
      <subfield code="t">bytes in total</subfield>
    </datafield>
    <datafield tag="260" ind1=" " ind2=" ">
      <subfield code="b">CERN Open Data Portal</subfield>
      <subfield code="c">2014</subfield>
    </datafield>
    <datafield tag="520" ind1="" ind2="">
      <subfield code="a">This file contains about 60k events pre-selected using loose criteria to contain D0 meson candidates decaying into a Kaon and a Pion.</subfield>
    </datafield>
    <datafield tag="581" ind1="" ind2="">
      <subfield code="a">The file can be accessed and analysed using LHCb D0 lifetime measurement code using LHCb VM image</subfield>
      <subfield code="w">402</subfield>
      <subfield code="y">LHCb VM image</subfield>
    </datafield>
    <datafield tag="653" ind1="1" ind2=" ">
      <subfield code="a">Masterclass</subfield>
    </datafield>
    <datafield tag="653" ind1="1" ind2=" ">
      <subfield code="a">LHCb</subfield>
    </datafield>
    <datafield tag="693" ind1=" " ind2=" ">
      <subfield code="a">CERN-LHC</subfield>
      <subfield code="e">LHCb</subfield>
    </datafield>
    <datafield tag="856" ind1="7" ind2=" ">
      <subfield code="2">xrootd</subfield>
      <subfield code="u">root://eospublic.cern.ch//eos/opendata/lhcb/MasterclassDatasets/D0lifetime/2014/MasterclassData.root</subfield>
      <subfield code="s">1289541</subfield>
    </datafield>
    <datafield tag="980" ind1=" " ind2=" ">
      <subfield code="a">LHCb-Derived-Datasets</subfield>
    </datafield>
    <datafield tag="FFT" ind1=" " ind2=" ">
      <subfield code="a">/tmp/opendata.cern.ch-fft-file-cache/lhcb-eos-file-indexes/LHCb_MasterclassDatasets_D0lifetime_2014_realmeasurement_file_index.txt</subfield>
      <subfield code="z">LHCb Masterclass D0lifetime 2014 real measurement file index</subfield>
    </datafield>
  </record>
</collection>
